@article{VanDerAlst11,
	Author = {Van Der Aalst, Wil and Arya Adriansyah and Boudewijn Van Dongen},
	Journal = {International conference on concurrency theory- Springer},
	Title = {Causal nets: a modeling language tailored towards process discover},
	Url = {https://link.springer.com/10.1007%2F978-3-642-23217-6_3},
	Year = {2011}}	
	
	
@article{Mannhardt17,
	Author = {Mannhardt, Felix, et. al.},
	Journal = {International Conference on Advanced Information Systems Engineering - Springer, Cham, 2017},
	Title = {Data-driven process discovery-revealing conditional infrequent behavior from event logs},
	Url = {https://link.springer.com/chapter/10.1007/978-3-319-59536-8_34},
	Year = {2017}}
		

@article{Mannhardt2017b,
	Author = {Mannhardt, Massimiliano de Leoni and Hajo A. Reijers},
	Journal = {BPM 2017 Demos 1920 (2017)},
    Title = {Heuristic mining revamped: an interactive, data-aware, and conformance-aware miner},
	Url = {https://pure.tue.nl/ws/files/72722720/dataawareheuristicminer_camera_ready.pdf},
	Year = {2017}}