@misc{Buijs2017,
author = {Buijs, Joos},
booktitle = {Eindhoven University of Technology},
title = {{Introduction To Process Mining With Prom}},
url = {https://www.futurelearn.com/courses/process-mining/2/steps/110567},
year = {2016}
}
@article{Mannhardt17,
author = {{Mannhardt Felix et. al.}},
file = {:home/lisa/Documents/Bildung/Darmstadt/00{\_}Seminar/Data{\_}and{\_}Paper/Data-driven process discovery $\backslash$: revealing conditional infrequent behavior from event logs.pdf:pdf},
journal = {International Conference on Advanced Information Systems Engineering - Springer, Cham, 2017},
title = {{Data-driven process discovery-revealing conditional infrequent behavior from event logs}},
url = {https://link.springer.com/chapter/10.1007/978-3-319-59536-8{\_}34},
year = {2017}
}
@article{Leemans2013,
author = {Leemans, Sander J J and Fahland, Dirk and {Van Der Aalst}, Wil M P},
doi = {10.1007/978-3-642-38697-8_17},
file = {:home/lisa/Darmstadt/00{\_}Seminar/Data{\_}and{\_}Paper/Discovering Block-Structured
Process Models from Incomplete Event Logs.pdf:pdf},
isbn = {9783642386961},
issn = {03029743},
journal = {Lecture Notes in Computer Science (including subseries Lecture Notes in Artificial Intelligence and Lecture Notes in Bioinformatics)},
keywords = {block-structured process models,fitness,process discovery,soundness},
pages = {311--329},
title = {{Discovering block-structured process models from event logs - A constructive approach}},
volume = {7927 LNCS},
year = {2013}
}
@article{Leoni2017,
author = {Leoni, De and Aalst, Van Der},
file = {:home/lisa/Documents/Bildung/Darmstadt/00{\_}Seminar/Data{\_}and{\_}Paper/Data-driven process discovery $\backslash$: revealing conditional infrequent behavior from event logs.pdf:pdf},
title = {{Advanced Information Systems Engineering}},
url = {http://link.springer.com/10.1007/978-3-319-59536-8},
volume = {10253},
year = {2017}
}
@article{Mannhardt2018,
author = {Mannhardt, F. and Toussaint, P.J.},
file = {:home/lisa/Documents/Bildung/Darmstadt/00{\_}Seminar/Data{\_}and{\_}Paper/HostpitalBilling{\_}Mannhardt(2018).pdf:pdf},
journal = {Studies in Health Technology and Informatics},
keywords = {Clinical processes,Patient trajectories,Process mining,Work practices},
title = {{Revealing work practices in hospitals using process mining}},
year = {2018}
}
@book{Mannhardt2018b,
author = {Mannhardt, Felix},
file = {:home/lisa/Darmstadt/00{\_}Seminar/Data{\_}and{\_}Paper/PhdThesisMannhardt(2018).pdf:pdf},
keywords = {Conformance checking,Event logs,Multiple perspectives,Process discovery,Process mining},
number = {January},
pages = {425},
title = {{Multi-perspective Process Mining Multi-perspective process mining}},
year = {2018}
}
@article{Mannhardt2017,
author = {Mannhardt, Felix and {De Leoni}, Massimiliano and Reijers, Hajo A.},
file = {:home/lisa/Darmstadt/00{\_}Seminar/Data{\_}and{\_}Paper/2017-08 - BPM 2017 - Heuristic Mining Revamped An Interactive Data-aware and Conformance-aware Miner.pdf:pdf},
issn = {16130073},
journal = {CEUR Workshop Proceedings},
keywords = {Data-Aware processes,Heuristics miner,Interactive,Process discovery},
title = {{Heuristic mining revamped: An interactive, data-Aware, and conformance-Aware miner}},
volume = {1920},
year = {2017}
}
@article{Mannhardt2016,
author = {Mannhardt, Felix and de Leoni, Massimiliano and Reijers, Hajo A. and van der Aalst, Wil M.P.},
doi = {10.1007/s00607-015-0441-1},
file = {:home/lisa/Documents/Bildung/Darmstadt/00{\_}Seminar/Data{\_}and{\_}Paper/Italian{\_}Road{\_}deLeoni{\_}Mannhardt(2015).pdf:pdf},
isbn = {0010-485X},
issn = {0010485X},
journal = {Computing},
keywords = {Data Petri nets,Log-process alignment,Multi-perspective conformance checking,Process mining},
month = {apr},
number = {4},
pages = {407--437},
title = {{Balanced multi-perspective checking of process conformance}},
url = {http://link.springer.com/10.1007/s00607-015-0441-1},
volume = {98},
year = {2016}
}
@article{Mannhardt2018a,
author = {Mannhardt, Felix and Petersen, Sobah Abbas and Oliveira, Manuel Fradinho},
file = {:home/lisa/Documents/Bildung/Darmstadt/00{\_}Seminar/Data{\_}and{\_}Paper/IE 2018 - Privacy Challenges for Process Mining in Human-centered Industrial Environments.pdf:pdf},
number = {June},
title = {{Privacy Challenges for Process Mining in Human-centered Industrial Environments Privacy Challenges for Process Mining in Human-centered Industrial Environments}},
year = {2018}
}
@article{Aalst,
author = {{Van Der Aalst}, Wil and Adriansyah, Arya and {Van Dongen}, Boudewijn},
file = {:home/lisa/Darmstadt/00{\_}Seminar/Data{\_}and{\_}Paper/Causal{\_}Nets{\_}van{\_}der{\_}Aalst.pdf:pdf},
journal = {Lecture Notes in Computer Science (including subseries Lecture Notes in Artificial Intelligence and Lecture Notes in Bioinformatics)},
number = {1},
pages = {28--42},
title = {{Causal nets: A modeling language tailored towards process discovery}},
volume = {6901 LNCS},
year = {2011}
}
